
@InProceedings{agarwal92,
author = {R. C. Agarwal and F. G. Gustavson and M. Zubair},
title = {A High Performance Algorithm Using Pre-Processing for the Sparse Matrix-Vector Multiplication},
booktitle = {Proceedings of Supercomputing '92},
year = 1992,
month = {November}
}

@article{dennis:2012,
 author = {J. M. Dennis and J. Edwards and K.J. Evans and O. Guba and P.H. Lauritzen and A. A. Mirin and A. St-Cyr and M.A. Taylor and P. H. Worley},
 title = {CAM-SE: A scalable spectral element dynamical core for the COmmunity Atmosphere Model},
 journal = {Int. J. High Perform. Comput. Appl.},
 year = {2012},
 volume = {26},
 number = {1},
 pages = {74--89},
 month = {Jan},
 doi = {10.1177/1094342011428142}}



@Article{baker2015,
  author = {A.~H. Baker and D.~M. Hammerling and M.~N Levy and H. Xu and J.~M. Dennis and B.~E. Eaton and J. Edwards and C. Hannay and S.~A. Mickelson  and  R.~B. Neale and D. Nychka  and J. Shollenberger  and J. Tribbia  and M. Vertenstein and  D. Williamson },
  title =        { A new ensemble-based consistency test for the Community Earth System Model},
  journal =      {Geoscientific Model Development},
  volume = {8},
  pages = {2829--2840},
  doi = {10.5194/gmd-8-2829-2015},
  year = {2015}}


@Article{baker2016,
  author = {A.~H. Baker  and Y. Hu and D.~M. Hammerling and Y. Tseng and H. Xu and X. Huang and F.~O. Bryan  and G. Yang},
  title = {Evaluating statistical consistency in the ocean model component of the Community Earth System Model (pyCECT v2.0)},
  journal =      {Geoscientific Model Development},
  volume = {9},
  pages = {2391--2406},
  doi = {10.5194/gmd-9-2391-2016},
  year =         {2016}
}





@inproceedings{milroy2016,
Author = {Daniel J. Milroy and Allison H. Baker and Dorit M. Hammerling and John M. Dennis and Sheri A. Mickelson and Elizabeth R. Jessup},
Booktitle = {Procedia Compture Science},
series = {ICCS 2016. The International Conference on Computational Science},
volume = {80},
pages = {1589--1600},
Title = {Towards characterizing the variability of statistically consistent Community Earth System Model simulations},
Year = {2016}}




@incollection{henderson:2015,
  author = {Tom Henderson and John Michalakes and Indraneil Gokhale and Ashish Jha},
  title  = {Numerical Weather Prediction Optimization},
  editor = {James Reinders and Jim Jeffers}, 
  booktitle = {High Performance Parallelism Pearls Multicore and Many-core Programming Approches Volume two},
  publisher = {Elsevier},
  address   = {New York},
  year = {2015},
  pages = {7--23},
  chapter = {2}}

@article{lin:2004,
  author = {Shian-Jiann Lin},
  title = {A "Vertically Lagrangian" Finie-Volume Dynamial Core for Global Models},
  journal = {Monthly Weather Review},
  volume = {132},
  year = {2004},
  pages = {2293--2397}} 

@article{simmons:1981,
  author = {A. J. Simmons and D. M. Burridge},
  title = {An Energy and Angular-Momentum Conserving vertical Finite-Difference Scheme and Hybrid Vertical Coordinates},
  journal = {Monthly Weather Review},
  volume = {109},
  year = {1981},
  pages = {758--766}}

@article{taylor:1997,
  author = {Mark Taylor and Joseph Tribbia and Mohamed Iskandarani},
  title = {The Spectral Element Method for the Shallow Water Equations on the Sphere},
  journal = {Journal of Computational Physics},
  volume = {130},
  number = {1},
  year = {1997},
  pages = {92--108},
  doi = {10.1006/jcph.1996.5554}}

@article{Carpenter:2013,
 author = {I. Carpenter and  R.K. Archibald and K.J. Evans and J. Larkin and P. Micikevicius and M. Norman and J. Rosinski and J. Schwarzmeier and M. A. Taylor},
 title = {Progress Towards Accelerating HOMME on Hybrid Multi-core Systems},
 journal = {Int. J. High Perform. Comput. Appl.},
 issue_date = {August    2013},
 volume = {27},
 number = {3},
 month = aug,
 year = {2013},
 issn = {1094-3420},
 pages = {335--347},
 numpages = {13},
 url = {http://dx.doi.org/10.1177/1094342012462751},
 doi = {10.1177/1094342012462751},
 acmid = {2509974},
 publisher = {Sage Publications, Inc.},
 address = {Thousand Oaks, CA, USA},
 keywords = {CAM, GPU, HOMME, scalability, tracer},
}

@inproceedings{aluru,
author = {S. Aluru and F. Sevilgen},
title = {Parallel Domain Decomposition and Load Balancing using Space-Filling Curves},
booktitle = {4th IEEE International Conference on High Performance Computing},
pages = {230-235},
year={1997}
}

@article{habata,
   author  = {S. Habata and M. Yokokawa and S. Kitawaki},
   title   = {The Earth Simulator},
   journal =  {NEC Research and Development},
   volume  =  {44},
   number  = {1},
   year    = {2003}
}

@article{murray:96,
   author  = {R. J. Murray},
   title   = {Explicit Generation of Orthogonal Grids for Ocean Models},
   journal = {J. Comp. Phys.},
   volume  = {126},
   year    = {1996},
   pages   = {251-273} 
}


@misc{homme,
   key   = {homme},
   title = {{HOMME}: {H}igh-{O}rder {M}ethods {M}odeling {E}nvironment},
   note = {http://www.homme.ucar.edu},
   year = {2007}
}

@inproceedings{BG-overview,
author = {N. R. Adiga and et al.},
title = {An Overview of the {B}lue {G}ene/{L} Supercomputer},
booktitle = {Proceedings of SC2002},
year = {2002},
month = {November},
address = {Baltimore, MD}
}

@misc{RS-overview,
key = {redstorm},
title = {The {C}ray {XT}3 {S}upercomputer},
note={http://www.cray.com/products/xt3/index.html},
year="2006"}

@misc{paraview,
key = {paraview},
title = {ParaView: Parallel Visualization Application},
note={http://www.paraview.org/HTML/Features.html},
year={2007}
}

@misc{bgw-days,
key = {bgwdays},
title = {Blue{G}ene {C}onsortium {D}ays},
note = {http://www-fp.mcs.anl.gov/bgconsortium/},
year={2006}
}


@article{agarwal94,
author = {R. C. Agarwal and F. G. Gustavson and M. Zubair},
title = {Improving performance of linear algebra algorithms for dense matrices using algorithmic prefetch},
journal={IBM Journal of Research and Development},
year=1994,
volume=38,
number=3,
pages={265-275}
}

@article{grote97,
author = {M. J. Grote and T. Huckle},
title = {Parallel Preconditioning with Sparse Approximate Inverses},
journal={SIAM J. Sci. Comput.},
volume ={18},
number = {5},
pages={838-853},
year={1997}
}

}

@article{anderson94,
author="W. K. Anderson and D. L. Bonhaus",
title="An implicit upwind algorithm for computing turbulent flows on unstructured grids",
journal="Computers and Fluids",
year="1994",
volume="23",
pages="1-21"}

@InProceedings{anderson99,
  author = 	 {W. K. Anderson and W. D. Gropp and D. K. Kaushik and D. E. Keyes and B. F. Smith},
  title = 	 {Achieving High Sustained Performance in an Unstructured Mesh {CFD} Application},
  booktitle = 	 {Proceedings of Supercomputing '99},
  year =	 1999,
  note =	 {Also published as Mathematics and Computer Science Division, Argonne National Laboratory, Technical Report ANL/MCS-P776-0899}
}

@article{maltrud05,
  author = {M. E. Maltrud and J. L. McClean},
  title = {An eddy resolving global 1/10 degree {POP} ocean simulation},
  journal = {Ocean Modeling},
  volume = 8,
  number = {1-2},
  page = {31-54},
  year = {2005}
}

@inproceedings{foster94,
  author = {I. Foster and B. Toonen},
  title = {Load-balancing Algorithms for Climate Models},
  booktitle ={Proceedings of High Performance Computing Conf.},
  publisher = {IEEE},
  page ={674-681},
  year = 1994
}

@InProceedings{almasi,
  author =       { G. Almasi and G. Bhanot and D. Chen and M. Elefheriou and B. Fitch and A. Gara and R. Germain and M. Gupta and M. C. Pitman and A. Rayshubskiy and J. Sexton and F. Suits and P. Vranas and B. Walkup and T. J. C. Ward and Y. Zhestkov and A. Curioni and W. Curioni and C. Archer and J. E. Moreira and R. Loft and H. M. Tufo and T. Voran and K. Riley},
  title  =       {Early Experience with Scientific Applications on the {B}lue {G}ene/{L} Supercomputer},
  booktitle =    {Proceedings of Euro-Par 2005, Lisbon, Portugal},
  year = 	 {2005},
  address =      {Lisbon, Portugal}
}


@InProceedings{alpha,
  author = 	 {R. E. Kessler and E. J. McLellan and D. A. Webb},
  title = 	 {The {A}lpha 21264 Microprocessor Architecture},
  booktitle = 	 {Proceedings of the 1998 {IEEE} International Conference on Computer 
Design},
  pages =	 {90-95},
  year =	 1998,
  month =	 {October}
}

@inproceedings{pcm01,
  author    = {T. Bettge and T.~Craig and R.~James and G.~Strand and V.~Wayland},
  title     = {Performance of the Parallel Climate Model on the {SGI} {O}rigin 2000 and the {CRAY} {T3E}},
  booktitle = {41st Cray User Group Conference},
  address   = {Minneapolis, Minnesota},
  month      = {May},
  year      = {1999} 
}

@article{tcraig05,
  author = {T. Craig and R. Jacob and B. Kauffman and T. Bettge and J. Larson and E. Ong and C. Ding and Y. Hu},
  title = {{CPL}6: The New Extensible, High Performance Parallel Coupler for the Community Climate System Model},
  journal = {The International Journal of High Performance Computing Applications}, 
  volume = {19},
  number = {3},
  pages = {309-327},
  year  = {2005}
}

@Inproceedings{ZoltanHypergraphIPDPS06,
   title = {Parallel Hypergraph Partitioning for Scientific Computing},
   author = {K. D. Devine and E. G. Boman and R. T. Heaphy and R. H. Bisseling and U. V. Catalyurek},
   booktitle ={International Parallel \& Distributed Processing Symposium}, 
   conference = {IPDPS'06},
   publisher = {IEEE},
   year = {2006}
}


@inproceedings{foam01,
  author    = {R. Jacob and C. Schafer and I. Foster and M. Tobis and J. Anderson},
  title     = {Computational Design and Performance of the {F}ast {O}cean {A}tmosphere {M}odel, Version One},
  booktitle = {Proc. 2001 International Conference on Computatinal Science},
  page      = {174-184},
  year      = {2001},
  editors   = {V. N. Alexandrov and J. J. Dongarra and C. J. K. Tan} 
}

@misc{balaji04,
  author  = {V. Balaji},
  title   = {Workshop on {FMS} at {GFDL}},
  month   = {September},
  address = {Princeton University, Princeton NJ, USA},
  year    = {2004}
}

@misc{valecke01,
  author  = {S. Valcke},
  title   = {{OASIS}3 User Guide, {PRISM} Support Initiative Report No 3},
  address = {CERFACS, Toulouse, France},
  year    = {2006}
}

@article{prism01,
  author = {S. Valcke and E. Guilyardi and C. Larsson},
  title  = {{PRISM} and {ENES}: A {E}uropean approach to {E}arth system modeling},
  journal = {Concurrency Computinng: Pract. Exper.},
  volume  = {17},
  pages   = {1-16},
  year    = {2005}
}

@inproceedings{prism02,
  author    = {S. Valcke and D. Declat and R. Redler and H. Ritzdorf and T. Schoenemeyer and R. Vogelsang},
  title     = {The {PRISM} Coupling and {I/O} System},
  booktitle = {{VECPAR}'04, Proceedings of the 6th International Meeting, Vol. 1: High performance computing for computational science},
  address   = {Universidad Politecnica de Valencia, Valencia, Spain},
  year      = {2004}
}

}

@InProceedings{baker02,
  author = 	 {A. Baker and  J. Dennis and E. R. Jessup},
  title = 	 {Algorithm Design for Fast Linear Solvers},
  booktitle = 	 {Proceedings of VECPAR'2002:  5th
International Meeting on High Performance Computing for Computational Science, Porto, Portugal},
  pages =	 {429-442},
  year =	 2002
}

@inproceedings{baker02b,
author  = "A. Baker and J. Dennis and E.R. Jessup",
title  = "Toward Memory-efficient Linear Solvers",
booktitle  = "VECPAR'2002. Fifth International Conference on High Performance Computing for
           Computational Science: Selected Papers and Invited Talks",
editor = "J.M.L.M. Palma and J. Dongarra and V. Hernandez and A. A. Sousa",
publisher = "Springer, Berlin",
year  = "2003",
volume  = "Lecture Notes in Computer Science, Vol. 2465"}

@InCollection{baker03,
  author = 	 {A. Baker and  J. Dennis and E. R. Jessup},
  title = 	 {Toward Memory-efficient Linear Solvers},
  booktitle = 	 {VECPAR '2002, Fifth International Conference on High Performance
Computing for Computational Science: Selected Papers and Invited Talks  },
  pages = 	 {315-327},
  publisher = {Springer, Berlin},
  year = 	 {2003},
  editor = 	 {J.M.L.M. Palma and J. Dongarra and V. Hernandez and A. A. Sousa},
  volume = 	 {2565},
  series = 	 {Lecture Notes in Computer Science},
}
@techreport{baker03a,
	author = {A. H. Baker and E. R. Jessup and T. Manteuffel},
	title = {A technique for accelerating the convergence of restarted {GMRES}},
	institution = {University of Colorado, Department of Computer Science},
	year = {2003},
	number = {CU-CS-945-03},
	month = {January},
	note = {Submitted for publication}
}

@techreport{hunke08, 
     author = {E. C. Hunke and W. H. Lipscomb},
     title  = {{CICE}: the {L}os {A}lamos Sea Ice Model Documenation and Software User's Manual Version 4.0},
     institution = {Los Alamos National Laboratory,  T-3 Fluid Dynamics Group},
     year = {2008},
     number = {LA-CC-06-012},
     month = {August}
}

@techreport{popguide,
     author = {P. Jones},
     title = {{P}arallel {O}cean {P}rogram ({POP}) User Guide},
     institution = {Los Alamos National Laboratory},
     year  = {2003},
     number = {LACC 99-18},
     month  = {March}
}

@article{baker06,
author = {A. H. Baker and J. M. Dennis and E. R. Jessup},
title={On Improving Linear Solver Performance: A Block Variant of {GMRES}},
Journal = {SIAM J. of Sci. Comput. },
Volume = {27},
number={5},
Year = {2006},
pages={1608--1628}
}

@article{baker06b,
  author = {A. H. Baker and F. D. Falgout and U. M. Yang},
  title = {An assumed partition algorithm for determing processor inter-communication},
  journal = {Parallel Computing},
  volume = {32},
  year   = {2006}, 
  pages={394--414}
}


@article{fonlupt,
  author = {C. P. Marquet and J. L. Dekeyser}, 
  title = {Data-parallel load balancing strategies},
  journal = {Parallel Computing},
  volume = {24},
  pages = {1665-1684},
  year = {1998}
}

@misc{walkup,
author = {B. Walkup}, 
note = {Personal Communication},
year = {2007}}

@misc{baker05,
author="A. Baker",
note={Personal Communication},
year="2005"}

@misc{hunke07,
author={E. Hunke},
note={Personal Communication},
year={2007} }

@misc{craig07,
author = {T. Craig},
note={Personal Communication},
year = {2007} }

@misc{jacob07,
author = {R. Jacob},
note={Personal Communication},
year = {2007} }

@misc{bettge,
author="T. Bettge",
note={Personal Communication},
year="2006"}

@inproceedings{banerjee,
author = {P. Banerjee and N. Shenoy and A. Choudhary and S. Hauck and C. Bachmann and M. Haldar and P. Joisha and A. Jones and A. Kanhare and A. Nayak and S. Peiriyacheri and M. Walken and D. Zaretsky},
title={A {MATLAB} Compiler for Distributed, Heterogeneous, Reconfigurable Computing Systems},
booktitle={Int. Symp. on FPGA Custom Computing Machines (FCCM-2000)},
address={Napa Valley, Ca},
month={April},
year=2000,
pages={39}
}
 
@article{barnard94,
author = {S. T. Barnard and A. Pothen and H. D. Simon},
title = {A spectral algorithm for envelope reduction of Sparse Matrices},
journal = {Numerical Linear Algebra with Applications},
volume = {2},
number = 4,
year = {1995},
pages = {317-334}
}

@article{bleck95, 
author = {R. Bleck and S. Dean and M. O'Keeefe and A. Sawdey},
title = {A comparison of data-parallel and message-passing versions of the {M}iami {I}sopycnic {C}oordinate {O}cean {M}odel ({MICOM})},
journal = {Parallel Computing},
volume = {21},
pages = {1695-1720},
year = {1995} 
}

@article{rantakokko98, 
author = {J. Rantakokko},
title = {A framework for partitioning structured grids with inhomogeneous workload},
journal = {Parallel Algorithms and Applications},
volume = {13},
pages = {135-151},
year = {1998}
}

@inproceedings{rantakokko,
author = {J. Rantakokko},
title = {An Integrated Decomposition and Partitioning Approach for Irregular Block-Structured Applications}, 
booktitle = {Proceedings of 15th IPDPS Workshop 2000},
date = {May 1-5},
year = 2000,
address = {Cancun, Mexico}
}

@inproceedings{wang97,
author = {P. Wang and D. S. Katz and Y. Chao}, 
title = {Optimization of a Parallel Ocean General Circulation Model},
booktitle = {Proceedings of SC'97},
month = {November},
year = {1997} 
}
@inproceedings{gwilliam,
author = {C. S. Gwilliam},
title = {The {OCCAM} Global Ocean Model},
booktitle={Proceedings of the sixth ECMWF workshop on the use of parallel processors in meterology},
date = {November 21-25},
year = {1994}
}

@inproceedings{behrens,
author = "Jorn Behrens and Jens Zimmermann",
title="Parallelizing an Unstructured Grid Generator with a Space-Filling Curve Approach",
booktitle="Euro-Par 2000 Parallel Processing",
year=2000,
pages= "815-823"}

@Misc{blast,
  key  =         {Basic},
  title =	 {{B}asic {L}inear {A}lgebra {S}ubprograms {T}echnical ({BLAST}) {F}orum: Document for the Basic Linear Algebra Subprograms ({BLAS}) standard},
  howpublished = {http://www.netlib.org/blast/blast-forum},
  year =	 2001
}

   }



@TechReport{fahringer97,
  author = {T. Fahringer},
  title = {Estimating cache performance for sequential and data parallel programs},
  Number = {TR 97-9},  Institution = {Institute for Software Technology and Parallel Systems, Univ. of Vienna},
  address = {Vienna, Austria},
  month = {October},
  year   = {1997}
}

@article{benkner99,
  author ={S. Benkner},
  title = {{VFC}: The {V}ienna {F}ortran {C}ompiler},
  journal = {Scientific Programming},
  volume={7},
  number={1},
  year={1999},
  pages = {67--81}
}

@InProceedings{dennis03,
  author = {J. M. Dennis},
  title = {Partitioning with Space-Filling Curves on the Cubed-Sphere},
  booktitle={Proceedings of Workshop on Massively Parallel Processing at IPDPS'03},
  address = {Nice, France},
  month = {April},
  year = {2003}
}

@inproceedings{dennis07,
   author = {J. M. Dennis}, 
   title  = {Inverse Space-Filling Curve Partitioning of a Global Ocean Model},
   booktitle = {IEEE International Parallel \& Distributed Processing Symposium},
   address = {Long Beach, CA},
   year = {2007},
}

@article{dennis:jrd,
   author = {J. M. Dennis and H. M. Tufo},
   title  = {Scaling Climate Simulation Applications on {IBM} {B}lue {G}ene},
   journal = {IBM Journal of Research and Development: Applications for Massively Parallel Systems},
   volume  = {52},
   number = {1/2},
   page   = {117--126},
   year    = {2008}
}


@Article{gemund03,
  author  = {A. J. C. van Gemund},
  title   = {Symbolic Performance Modeling of Parallel Systems},
  journal = {IEEE Transactions on Parallel and Distributed Systems},
  year    = {2003},
  volume  = {14},
  number  = {2},
  month   = {Feb.},
  pages   = {154--165}
} 
  
@TechReport{gemund01,
  author = {A. J. C. van Gemund},
  title = {Automatic Cost Estimation of Data Parallel Programs},
  Number = {1-68340-44},
  Institution = {Faculty of Information Technology and Systems, Delft University of Technology},
  month = {Oct},
  year   = {2001}
}

@misc{ccsmweb,    key = {ccsmweb},
    title = {Community Climate System Model ({CCSM})},
    howpublished = {http://www.ccsm.ucar.edu},
    year = {2006}
}

@article{dickinson06,
    author = {R. E. Dickinson and K. W. Oleson and G. Bonan and F. Hoffman and P. Thornton and M. Vertenstein and Z-L. Yang and X. Zeng},
    title  = {The Community Land Model and its climate statistics as a component of the Communnity Climate System Model},
    journal = {Journal of Climate},
    volume  = {19},
    number  = {11},
    pages   = {2302-2324},
    year    = {2006}
}

@article{hoffman05,
    author = {F. M. Hoffman and  M. Vertenstein and H. Kitabata and J. B. White III},
    title  = {Vectorizing the Community Land Model},
    journal = {International Journal of High Performance Computing Applications},
    volume = {19},
    pages = {247-260},
    year  = {2005}
}


@article{collins06,
    author  = {W. D. Collins and C. M. Bitz and M. L. Blackmon and G. B. Bonan and C. S. Bretherton and J. A. Carton and P. Chang and S. C. Doney and J. J. Hack and T. B. Henderson and J. T. Kiehl and W. G. Large and D. S. McKenna and B. D. Santer and R. D. Smith},
title   = {The {C}ommunity {C}limate {S}ystem {M}odel Version 3},
    journal = {Journal of Climate},
    volume  = {19},
    pages   = {2122-2143},
    year    = {2006}
}

@article{collins06b,
    author  = {W. D. Collins and P. Rasch and B. A. Boville and J.R. Hack and J.R. McCaa and D. L. Williamson and B. P. Briegleb C. M. Bitz and S-J. Lin and M. Zhang },
title   = {The formulation and atmospheric simulation of the {C}ommunity {A}tmosphere {M}odel Version 3 ({CAM}3)},
    journal = {Journal of Climate},
    volume  = {19},
    number  = {11},
    pages   = {2144-2161},
    year    = {2006}
}

@article{held94,
    author = {I. M. Held and M. J. Suarez},
    title  = {A Proposal for the Intercomparison of the Dynamical Cores of Atmospheric General Circulation Models},
    journal = {Bull. Amer. Meteor. Soc.},
    volume  = {73}, 
    pages = {1825-1830},
    year  = {1994}
}

@misc{huray87,
author = {P. G. Huray and et al.}, 
title = {A Research and Development Strategy for High Performance Computing},
howpublished = {Executive Office of the President, Office of Science and Technology Policy},
year ={1987}
}

@misc{bluegene07,
   author={Blue Gene Consortium},
   note = {http://www-fp.mcs.anl.gov/bgconsortium/},
   year ={2007}
}

@InProceedings{cascaval99,
  author    = {C. Cascaval and L. DeRose and D. Padua and D. Reed},
  title     = {Compile-time Based Performance Prediction},
  booktitle = {Proc. LCPC Workshop},
  year      = 1999,
  pages     = {365--379}
}


@ARTICLE{dennis:scidac,
AUTHOR = {J. M. Dennis and R. Jacob and M. Vertenstein and T. Craig and R. Loy},
TITLE  = {Toward an ultra-high resolution community climate system model for the BlueGene platform},
JOURNAL = {J. Phys.: Conf. Ser.},
VOLUME = {78},
NUMBER = {012030},
YEAR   = {2007},
}

@inProceedings{li03,
  author    = { J. Li and  W. Liao and A. Choudhary and  R. Ross and  R. Thakur and W. Gropp and R. Latham and A. Siegel and B. Gallager and M. Zingale},
  title     =  {Parallel net{CDF}: A High-Performance Scientific {I/O} Interface},
  booktitle =  {Proceedings of SC2003: High Performance Networking and Computing}, 
  address   = {Phoenix AZ},
  year      = {2003}
}
@article{jacob05,
  author = {R. Jacob and  J. Larson and E. Ong},
  title  = {{M}x{N} Communication and Parallel Interpolation in {CCSM}3 Using the {M}odel {C}oupling {T}oolkit}, 
  journal = {Int J. High Perf. Comp. Appl.},
  volume  = {19}, 
  number  = {3}, 
  pages   = {293-307},
  year    = {2005}
}

@article{larson05,
  author = {J. Larson and R. Jacob and E. Ong}, 
  title  = {The {M}odel {C}oupling {T}oolkit: A New {F}ORTRAN90 Toolkit for Building Multiphysics Parallel Coupled Models},
  journal = {Int. J. High Perf. Comp. App.},
  volume  = {19},
  number  = {3}, 
  pages   = {277-292},
  year    = {2005}
}

@article{nair05,
   author = {R. D. Nair and S. J. Thomas and R. D. Loft},
   title  = {A Discontinuous Galerkin Transport Scheme on the Cubed-Sphere}, 
   journal = {Mon. Wea. Rev.}, 
   volume  = {133}, 
   pages   = {814-828}, 
   year    = {2005}
}



@inproceedings{shingu02,
  author  = {S. Shingu and Y, Tsuda and W. Ohfuchi and K. Otsuka and H. Takahara and T. Hagiwara and S. Habata and H. Fuchigami and M. Yamada and Y. Sasaki and K. Kobayashi and M. Yokokawa and H. Itoh},
  title = {A 26.58 {T}flops Global Atmospheric Simulation with the Spectral Transform Method on the Earth Simulator}, 
  booktitle = {Proceedings of the 2002 ACM/IEEE Conference on Supercomputing}, 
  pages = {1-19},
  year = {2002}
}

@inproceedings{sawyer04,
  author = {W. B. Sawyer and A. A. Mirin},
  title  = {A Scalable Implementation of a Finite-Volume Dynamical Core in the Community Atmosphere Model},
  booktitle = {Proceedings of Parallel and Distributed Computing and Systems}, 
  year = {2004}
}

@inproceedings{muszala05,
   author = {S. P. Muszala and G. Alaghband and A. Connors and J. J. Hack}, 
   title  = {A {VPSA} Scheduler for Radiative Transfer Data in Climate Models}, 
   booktitle = {Proceedings of the 17th International Conference on Parallel and Distributed Computing}, 
   year = {2005}
}

@misc{muszala06,
   author = {S. P. Muszala  and G. Alaghband and J. J. Hack and D. A. Connors},
   title  = {Formalization of Model Data Load Balancing and Implementation in {CCSM}/{CAM}3}, 
   note = {in preparation}, 
   year = {2006}
}

@misc{popweb,
   key = {pop},
   title = {The {P}arallel {O}cean {P}rogram ({POP})},
   howpublished = {http://climate.lanl.gov/Models/POP},
   year = {2006}
}


@misc{ciceweb,
   key = {cice},
   title = {{CICE}: A {C}ommunity {I}ce {C}od{E}},
   howpublished = {http://climate.lanl.gov/Models/CICE},
   year = {2008}
}


@misc{ipcc,
   key = {ipcc},
   title = {The {I}ntergovernmental {P}anel on {C}limate {C}hange ({IPCC}), Climate Change 2007: The Physical Science Basis, Summary for Policymakers, Contribution of Working Group I to the Fourth Assessment Report of the {I}ntergovernmental {P}anel on {C}limate {C}hange},
   howpublished = {http://www.aaas.org/news/press\_room/climate\_change/media/4th\_spm2feb07.pdf},
   year = {2007}
}

@misc{papi,
   key = {papi},
   title = {{PAPI}: {P}erformance {A}pplication {P}rogramming {I}nterface: {U}ser's {G}uide},
   howpublished = {\newline http://icl.cs.utk.edu/papi},
   year = {2005}
}

@misc{omp,
   key = {omp},
   title = {Open{MP} Application Programing Interface},
   howpublished = {http://www.openmp.org/},
   year = {2005}
}

@techreport{burgess95,
author = {D. A. Burgess and M. B. Giles},
title={Renumbering unstructured grids to improve the performance of codes on hierarchical memory machines},
institution = {Numerical Analysis Group, Oxford University Computing Laboratory},
Year = {1995},
number = {95/06},
month = {May}
}


@InProceedings{carr89,
  author = 	 {Steve Carr and Ken Kennedy},
  title = 	 {Blocking Linear Algebra Codes for Memory Hierarchies},
  booktitle = 	 {Proceedings of the Fourth {SIAM} Conference on Parallel Processing for Scientific Computing},
  year =	 1989,
  pages =     {400-405},
  publisher = {SIAM}
}

@article{chron89,
author= "A. T. Chronopoulos and C. W. Gear",
title="S-step iterative methods for symmetric linear systems",
journal="Journal of Computational and Applied Mathematics",
year="1989",
volume="25",
pages="153-168"}

% Have not read
@InProceedings{chrono01,
  author = 	 {A.T. Chronopoulos and A. B. Kucherov},
  title = 	 {Parallel Block s-step Iterative Methods for Nonsymmetric Linear Systems},
  booktitle = 	 {Proceedings of the IEEE International Conference on High-Performance Computing and Applications},
  year =	 2001,
  month =	 {December}
}

% Have not read
@inProceedings{cuthill69,
author = { E. H. Cuthill and J. McKee},
title = {Reducing the bandwidth of sparse symmetric matrices},
booktitle={Proceedings 24th Nat. Conf. Assoc. Comp. Mach.},
publisher={ACM Publications},
year = {1969},
pages = {157-172}
}

@article{das,
author={R. Das and D. J. Mavriplis and J. Saltz and S. Gupta and R. Ponnusamy},
title={The Design and Implementation of a Parallel Unstructured {E}uler Solver Using Software Primitives},
journal={AIAA Journal},
year=1994,
volume = 32,
number=3,
pages={489-496}
}

@inproceedings{derose96,
author={L. DeRose and D. Padua},
title={A {M}ATLAB to {F}ortran 90 Translator and its Effectiveness},
booktitle={Proceedings of the 10th ACM International Conference on Supercomputing - ISC'96},
address={Philadelphia, PA},
month={May},
year="1996",
pages={309-316}
}

@article{derose99,
author={L. DeRose and D. Padua},
title={Techniques for the translation of {M}atlab Programs into {F}ortran 90},
journal={ACM Transactions on Programming Languages and Systems},
volume={21},
number={2},
month = {March},
year=1999,
pages={286-323}
}

@article{dubrulle01,
author={A. A. Dubrulle},
title={Retooling the Method of Block Conjugate Gradients},
Journal={Electronic Trans. on Num. Anal.},
volume=12,
page={216-233},
year=2001
}

@book{linpack,
author  = "J. J. Dongarra and J. R. Bunch and C. B. Moler and G. W. Stewart",
key  = "DongarraandBunch",
title  = "LINPACK Users' Guide",
publisher  = "SIAM Publications",
year  = "1979"}

@book{mpibook1,
author = {M. Snir and S. Otto and S. Huss-Lederman and D. Walker and J. Dongarra },
title = {{MPI}: The Complete Reference: Volume 1, The MPI Core},
publisher = {The MIT Press},
year = {2000}
}

@book{mpibook2,
author = {W. Gropp and S. Huss-Lederman and A. Lumsdaine and E. Lusk and B. Nitzberg and W. Saphir and M. Snir},
title = {{MPI}: The Complete Reference: Volume 2, The MPI Extensions},
publisher = {The MIT Press},
year = {2000}
}

@TechReport{dongarra02,
  author = 	 {Jack Dongarra and Victor Eijkhout},
  title = 	 {Self-Adapting Numerical Software for Next Generation Applications},
  institution =  {{LAPACK} Working Note 157, ICU-UT-02-07},
  year = 	 2002,
  month =	 {August}
}

@Article{dongarra90blas3,
  author = 	 {J. Dongarra and J. DuCroz and S. Hammarling and I. Duff},
  title = 	 {Algorithm 679: A set of level 3 {B}asic {L}inear {A}lgebra {S}ubprograms},
  journal = 	 {ACM Trans. Math. Software},
  year = 	 1990,
  volume =	 16,
  pages  =       {18-28}
}


@Article{dongarra88blas2,
  author = 	 {J. Dongarra and J. DuCroz and S. Hammarling and R. J. Hanson},
  title = 	 {An extended set of {F}ortran {B}asic {L}inear {A}lgebra {S}ubprograms},
  journal = 	 {ACM Trans. Math. Software},
  year = 	 1988,
  volume =	 14,
  pages =	 {1-17}
}



@Article{dongarra88blas2ex,
  author = 	 {J. Dongarra and J. DuCroz and S. Hammarling and R. Hanson},
  title = 	 {Algorithm 656: An extended set of {F}ortran {B}asic {L}inear {A}lgebra {S}ubprograms: Model implementation and test programs},
  journal = 	 {ACM Trans. Math. Software},
  year = 	 1988,
  volume =	 14,
  pages =	 {18-32}
}

@misc{eli,
author = {W. Waite and U. Kastens and A. M. Sloane},
title = {Eli: Translator Construction Made Easy},
note={http://eli-project.sourceforge.net/},
year = 2005
}

@book{engeli, 
  author = {M. Engeli and T. Ginsburg and H. Rutishauser and E. Stiefel},
  title = {Refined Iterative Methods for Computation of the Solution and the Eigenvalues of Self-Adjoint Boundary Value Problems},
  publisher={Birkh\"{a}user},
  address={Basel/Stuttgart},
  year=1959}
  
  @TechReport{eshof03,
  author = {Jasper van den Eshof and Gerard L. G. Sleijpen},
  title = {Accurate conjugate gradient methods for shifted systems},
  Number = {1265},
  Institution = {Universiteit Utrecht},
   year   = {2003}
}
 
 @TechReport{xeon,
  author = {Intel Corporation},
  title = {{I}ntel {X}eon {P}rocessor with 512 {KB} {L}2 cache at 1.80 {G}hz to 3 {G}hz {D}ata{S}heet},
  number=29864206,
  Institution={Intel Corporation},
  year = {2003}
 }
 
 @TechReport{P4,
 author = {Intel Corporation},
 title = {{I}ntel {P}entium 4 and {I}ntel {X}eon {P}rocessor {O}ptimization: {R}eference {M}anual},
 number={24896604},
 Institution={Intel Corporation},
 year = {2001}
 }
 
@article{field,
author = "M. Field",
title="Optimizing a Parallel Conjugate gradient solver",
journal="SIAM J. Sci. Stat. Computing",
year="1998",
volume="19",
pages="27-37"}

@inproceedings{fiebach97,
author={Peter Fiebach and Roland Freund and Andreas Frommer},
title={Variants of the Block-{QMR} Method and applications in Quantum Chromodynamics},
booktitle={Proceedings of the IMACS World Congress},
location={Berlin},
month={August},
year=1997
}

@misc{freund97,
author = {Roland W. Freund and Manish Malhotra},
title={The Block-{QMR} Method for the solution of Multiple Radiation and scattering problems in Structural Acoustics},
note={http://www.bell-labs.com/project/BLQMR/},
year={2003}
}

@article{gallivan88,
author = "Kyle Gallivan and William Jalby and Ulrike Meier and Ahmed H. Sameh",
title="Impact of Hierarchical Memory Systems on Linear Algebra Algorithm Design",
journal="International Journal of Supercomputer Applications",
volume="2",
number="1",
year="1988",
pages = "12-48"}

@inproceedings{loft01,
author="Richard D. Loft and Stephen J. Thomas and John M. Dennis",
title="Terascale Spectral Element Dynamical Core for Atmospheric General Circulation Models",
booktitle="Proceedings of SC2001",
year=2001}

@article{gibs76,
author = {N. E. Gibbs and W. G. Poole and P. K. Stockmeyer},
title = {An algorithm for reducing the bandwidth and profile of a sparse matrix},
journal={SIAM J. Num. Anal.},
volume = {13},
year = {1976},
pages = {236-249}
}

@article{Gray92,
   author    = {Robert W. Gray and Vincent P. Heuring and Steven P. Levi and Anthony M. Sloane and William M. Waite},
   title     = {Eli: {A} complete, flexible compiler construction system},
   journal   = CACM,
   year      = {1992},
   month     = FEB,
   volume    = {35},
   number    = {2},
   pages     = {121--131}
} 

@article{griebel,
author = "Michael Griebel and Gerhard Zumbusch",
title="Parallel multigrid in an adaptive {PDE} solver based on hashing and space-filling curves",
journal="Parallel Computing",
year=1999,
number=7,
volume=25,
pages = "827-845"}

@Article{gropp01,
  author = 	 {William D. Gropp and Dinesh K. Kaushik and David E. Keyes and Barry F. Smith},
  title = 	 {High-performance parallel implicit {CFD}},
  journal = 	 {Parallel Computing},
  year = 	 2001,
  volume =	 27,
  pages =	 {337-362}
}

@INPROCEEDINGS{gropp99, 
   AUTHOR    = "W. D. Gropp and D. K. Kaushik and D. E. Keyes and B. F. Smith", 
   TITLE     = "Toward Realistic Performance Bounds for Implicit {CFD} codes", 
   BOOKTITLE = "Proceedings of Parallel CFD'99", 
   EDITOR    = "A. Ecer et al.", 
   PUBLISHER = "Elsevier", 
   YEAR      = "1999", 
    origin   = petsc,
   pages =   {233-240} 
 }

@Article{harwellboeing,
  author = 	 {I. S. Duff and R. Grimes and J. Lewis},
  title = 	 {Sparse matrix test problems},
  journal = 	 {ACM Trans. Math. Software},
  year = 	 1989,
  volume =	 15,
  pages =	 {1-14}
}

@Book{hennesseybook,
  author =	 {J. Hennessey and D. Patterson},
  title = 	 {Computer Architecture: A Quantitative Approach},
  publisher = 	 {Morgan Kaufmann},
  year = 	 1996,
  edition =	 {2nd}
}

@article{hestenes52,
  author={M. R. Hestenes and E. Stiefel},
  title = {Methods of conjugate gradients for solving linear systems},
  journal = {J. Research Nat. Bur. Standards},
  year = 1952,
  volume = 49,
  pages = {409-436}
}


@inproceedings{im98,
author="Eun-Jin Im and Katherine Yelick",
title="Model-Based Memory Hierarchy Optimizations for Sparse Matrices",
booktitle="Workshop on Profile and Feedback-Directed Compilation",
year="1998",
address="Paris, France"}

@misc{im,
author = {Eun-Jin Im and K. Yelick},
title={Optimizing Sparse Matrix Vector Multiplication on SMPs}
}

@techreport{joisha02,
author={P. G. Joisha and P. Banerjee},
title={MAGICA: A Software Tool for Inferring Types in MATLAB},
month={October},
year=2002,
institution = {Department of Electrical and Computer Engineering, Northwestern University},
number = {CPDC-TR-2002-10-004}
}

@inproceedings{joisha03,
author ={P. G. Joisha and P. Banerjee},
title={Static Array Storage Optimization in {M}ATLAB},
booktitle={ACM SIGPLAN Conference on Programming Language Design and Implementation},
address = {San Diego},
month = {June},
pages = {258--268},
year = {2003}
}

@techreport{jeger96,
author={Beat Jegerlehner},
title={Krylov space solvers for shifted linear systems},
month={December},
year=1996,
institution = {Indiana University, Department of Physics},
number = {IUHET-353}
}

@inproceedings{kotlyar97,
author = {V. Kotlyar and K. Pingali and P. Stodghill},
title={Compiling Parallel Sparse Code for User-Defined Data Structures},
booktitle={SIAM Conference on Parallel Processing for Scientific Computing},
year=1997,
volume=8,
note = {http://www.cs.cornell.edu/Info/Projects/Bernaulli}
}


@article{lam91,
  author = 	 {M. S. Lam and E. E. Rothberg and M. E. Wolf},
  title = 	 {The Cache Performance and Optimizations of Blocked Algorithms},
  journal = {SIGOPS Oper. Syst. Rev.},
  volume = {25},
  number = {Special Issue},
  year =	 {1991},
  publisher = {ACM Press},
  pages = {63--74}
}

@techreport{lapack56,
author = "E. F. D'Azevedo and V. L. Eijkhout and C. H. Romine",
title="Conjugate Gradient Algorithms with Reduced Synchronization Overhead on Distributed Memory Multiprocessors",
institution={{LAPACK} Working Note},
year={1993},
number="56",
month ="August"}

@Article{liu76,
  author = 	 {J. W. H. Liu and A. H. Sherman},
  title = 	 {Comparative analysis of the {C}uthill-{M}c{K}ee and the reverse {C}uthill-{M}c{K}ee ordering algorithms for sparse matrices},
  journal = 	 {SIAM J. Num. Anal.},
  year = 	 {1976},
  volume =	 {13},
  pages =	 {198-213}
}


@misc{loft-conversation,
author="R. Loft",
note="Personal Communication",
year="2001"}

@misc{matlab,
key={matlab},
title={{MATLAB}: The Language of Technical Computing Computing},
howpublished={The Math Works Inc.},
note={http://www.mathworks.com}
}

@Misc{matrixmarket,
  OPTkey = 	 {},
  author = 	 {{National Institute of Standards and Technology, Mathematical and Computational Sciences Division}},
  title = 	 {{M}atrix {M}arket},
  howpublished = {http://math.nist.gov/MatrixMarket},
  OPTmonth = 	 {},
  year = 	 {2002},
  OPTnote = 	 {},
  OPTannote = 	 {}
}

@Unpublished{mcc,
    author={The MathWorks Inc.},
    note={http://www.mathworks.com/products/compiler},
    year={2003}
}
@Unpublished{mccalpin95a,
  author = 	 {J. D. {McCalpin}},
  title = 	 {{STREAM}: Sustainable Memory Bandwidth in high performance computers},
  note = 	 {http://www.cs.virginia.edu/stream},
  year =	 {1995},
  OPTannote = 	 {}
}


@Article{mccalpin95b,
  author = 	 {J. D. {McCalpin}},
  title = 	 {Memory Bandwidth and Machine Balance in Current High Performance Computers},
  journal = 	 {{IEEE} Computer Society Technical Committee on Computer Architecture Newsletter},
  year = 	 1995,
  month =	 {December},
  note =	 {http://www.cs.virginia.edu/stream}
}

% Have not read
@InProceedings{mckee95,
  author = 	 {S. {McKee} and W. Wulf},
  title = 	 {Access Order and Memory-Conscious Cache Utilization},
  booktitle = 	 {First Symposium on High Performance Computer Architecture
    (HPCA1)},
  year =	 1995,
  month =	 {January}
}

@misc{metis,
author = "George Karypis and Vipin Kumar",
title={{METIS} - A Software Package for Partitioning Unstructured Graphs, Partitioning Meshes, and Computing Fill-Reducing Orderings of Space Matrices},
howpublished="web",
month="September",
year=1998,
note="http://www-users.cs.umn.edu/~karypis/metis/(1998)"}

@inproceedings{mitchell99,
author = {N. Mitchell and L. Carter and J. Ferrante},
title = {Localizing Non-affine Array References},
booktitle={Proceedings of Parallel Architectures and Compilation Techniques '99},
year = 1999,
month = {October}
}

@inproceedings{naffziger02,
	author = "S. Naffziger and G.  Hammond",
	title = "The Implementation of the Next Generation 64b {I}tanium Microprocessor" ,
	booktitle = "Proceedings of the IEEE International Solid-State Circuits Conference",
	year="2002",
        pages = {276-504},
        volume = {2}
}

@misc{netlib,
key={netlib},
title={{N}etlib {R}epository at {UTK} and {ORNL}},
howpublished={http://www.netlib.org},
year={2005}
}

@article{oleary80,
author = "Dianne P. O'Leary",
title="The Block Conjugate Gradient Algorithm and Related Methods",
journal="Linear Algebra and its Applications",
year = "1980",
volume="29",
pages="293-322"}

@article{oleary87,
author = "Dianne P. O'Leary",
title="Parallel implementation of the block conjugate gradient algorithm",
journal="Parallel Computing",
year = "1987",
volume="5",
pages="127-139"}

@misc{paki,
author="P. Suwannajan",
note="Personal Communication",
year="2003"}

@Article{patterson97,
  author = 	 {D. Patterson and T. Anderson and N. Cardwell and R. Fromm and K. Keeton and C. Kozyrakis and R. Thomas and K. Yellick},
  title = 	 {A Case for intelligent {RAM}},
  journal = 	 {{IEEE} Micro},
  year = 	 1997,
  pages =	 {34-44},
  month =	 {March/April}
}

@misc{parashar,
author="Manish Parashar",
title="Enabling Distributed, Adaptive and Interactive Applications",
year=2002,
note="http://www.caip.rutgers.edu/TASSL"}

@TechReport{petsc-manual,
    Author      = "Satish Balay and Kris Buschelman and William D. Gropp and Dinesh Kaushik and Matt Knepley and Lois Curfman McInnes and Barry F. Smith and Hong Zhang",
   Title              = "{PETSc} Users Manual",
   Number      = "ANL-95/11 - Revision 2.1.3",
   Institution = "Argonne National Laboratory",
   Year              = "2002"}

@TechReport{petsc-manualv5,
Author      = "Satish Balay and Kris Buschelman and William D. Gropp and Dinesh Kaushik and Matt Knepley and Lois Curfman McInnes and Barry F. Smith and Hong Zhang",
Title              = "{PETSc} {U}sers {M}anual",
Number      = "ANL-95/11 - Revision 2.1.5",
Institution = " Mathematics and Computer Science Division, Argonne National Laboratory",
Year              = "2003"}

@Unpublished{petsc-web,
Author = "Satish Balay and Kris Buschelman and William D. Gropp and Dinesh Kaushik and Lois Curfman McInnes and Barry F. Smith",
Title      = "{PETSc} home page",
Note     = "http://www.mcs.anl.gov/petsc",
Year     = "2001"}

@techreport{pilkington,
author="John R. Pilkington and Scott B. Baden",
title="Partitioning with spacefilling Curves",
institution="Department of Computer Science and Engineering, University of California, San Diego",
year=1994,
number= "CS94-349",
address="La Jolla, California 92093-0114 USA",
month="March"}

@misc{pilk95,
author="John R. Pilkington and Scott B. Baden",
title="Dynamic Partitioning of Non-Uniform Structured Workloads with Spacefilling Curves",
year=1995,
note="http://www-cse.ucsd.edu/groups/hpc/scg/isp.html"}

@misc{r14k,
author = {Spiros Vellas},
title={{S}calar {C}ode {O}ptimization {I}},
year={2005},
note={ \\ http://sc.tamu.edu/help/origins/sgi\_scalar\_r14k\_opt.pdf}
}

@misc{suninfo,
author={Sun Microsystems},
title ={The {U}ltra2 Architecture: Technical White Paper},
year={2005},
note={\newline http://pennsun.essc.psu.edu/customerweb/WhitePapers/}
}


@inproceedings{pinar99,
author="Ali Pinar and Michael T. Heath",
title="Improving Performance of sparse Matrix-Vector Multiplication",
booktitle="Proceedings of SC'99",
year=1999}

@book{power3,
title="RS/6000 Scientific and Technical Computing: POWER3 Introduction and Tuning Guide",
author="Stefan Andersson and Ron Bell and John Hague and Holger Holthoff and Peter Mayes and Jun Nakano and Danny Shieh and Jim Tuccillo",
publisher="IBM International Technical Support Organization",
year="1998",
month="October",
note="http://www.redbooks.ibm.com"}

@book{power4,
author = "S. Behling and R. Bell and P. Farrell and H. Holthoff and F. O'Connell and W. Weir",
title = "The POWER4 Processor Introduction and Tuning Guide",
publisher = "IBM Redbooks",
year = "2001",
month = "November"}

@inproceedings{quinn98,
author = {M. J. Quinn and A. Malishevsky and N. Seelam and Y Zhao},
title={Preliminary Results from a Parallel {M}ATLAB Compiler},
booktitle={Proceedings of the International Parallel and Distributed Processing Symposium},
pages = {81--87},
year=1998
}

@article{rancic,
author = "M. Ran\v{c}i\'{c} and R. J. Purser and F. Messinger",
title="A global shallow-water model using an expanded spherical cube: Gnomic versus conformal coordinates",
journal="Q. J. R. Meteorol. Sol.",
year = 1996,
volume = 122,
pages = "959-982"}

@inbook{reid, 
  author = {J. K. Reid},
  title={On the method of conjugate gradients for the solution of large sparse systems of linear equations.},
  booktitle={Large Sparse Sets of Linear Equations},
  publisher={Academic Press},
  pages={231-254},
  year = 1971
}

 @article{ronchi,
author = "C. Ronchi and R. Iacono and P. S. Paolucci",
title= {The "Cubed Sphere": A New Method for the Solution of Partial Differential Equations in Spherical Geometry},
journal="Journal of Computational Physics",
year=1996,
volume = 124,
pages = "93-114"}

@article{sadourny,
author = "Robert Sadourny",
title= "Conservative Finite-Difference Approximations of the Primitive Equations on Quasi-Uniform Spherical Grids",
journal="Monthly Weather Review",
year=1972,
number =2,
volume = 100,
pages = "136-144"}

@article{saad81,
author="Y. Saad",
title="Krylov Subspace Methods for Solving Large Unsymmetric Linear Systems",
journal="Mathematics of Computation",
year="1981",
volume="37",
number="155",
pages="105-126"}

@article{saad86,
  author={Y. Saad and M. Schultz},
  title={{GMRES:} A generalized minimal residual algorithm for solving nonsymmetric linear systems},
  journal={{SIAM} Journal on Scientific and Statistical Computing },
  volume = {7},
  year = 1986,
  pages={856-869}
}
@book{saad96,
  author={Y. Saad},
   title = {Iterative Methods for Sparse Linear Systems},
   publisher={PWS Publishing Company},
   year=1996,
} 

@book{sagan,
author="Hans Sagan",
title="Space-Filling Curves",
publisher="Springer-Verlag",
year=1994}

@phdthesis{simon-thesis,
author="Horst D. Simon",
title="The Lanczos algorithm for solving symmetric linear systems",
school="University of California, Berkeley",
year="1982",
month="April"}

@phdthesis{tufo-thesis,
author={H. M. Tufo},
title={Algorithms for Large-Scale Parallel Simulation of Unsteady Incompressible Flows in Three-Dimensional Complex Geometries},
school={Brown University},
year={1998},
month={May}
}

@article{smith92,
  author = { R. D. Smith and J. K. Dukowicz and R. C. Malone},
  title = {Parallel ocean general circulation modeling},
  journal = {Physica D},
  volume = {60},
  year = {1992},
  pages = {38-61}
}
  

@article{smolar97,
author = {P. K. Smolarkiewicz and V. Grubis\u{i}\'{c} and L. G. Margolin},
title={Stopping criteria for iterative solutions of anelastic pressure equations},
journal={Mon. Wea. Rev.},
volume={125},
year={1997},
pages={647-654}
}

@misc{SlammUG,
key = {slamm},
title={{SLAMM}: {S}parse {L}inear {A}lgebra {M}emory {M}odel {U}ser's {G}uide},
year={2005},
note={In preparation}
}


@article{taylor97,
author = "Mark Taylor and Joseph Tribbia and Mohamed Iskandarani",
title = "The Spectral Element Method for the Shallow Water Equations on the Sphere",
journal="Journal of Computational Physics",
year = "1997",
volume = 130,
pages = "92-108"}

@inproceedings{temam92,
author="O. Temam and W. Jalby",
title = "Characterizing the Behavior of Sparse Algorithms on Caches",
booktitle="Proceedings of Supercomputing 1992",
pages = {578--587},
year = {1992}
}

@book{templates,
author={R. Barrett and M. Berry and T. F. Chan and J. Demmel and J. Donato and J. Dongarra and V. Eijkhout and R. Pozo and C. Romine and  H. Van der Vorst},
title = {Templates for the Solution of Linear Systems: Building Blocks for Iterative Methods, 2nd Edition},
publisher = {SIAM},
year = {1994},
address = {Philadelphia,PA}
}

@article{thomas01,
author={S. J. Thomas and R. D. Loft},
title={ Parallel Semi-Implicit Spectral Element Methods for Atmospheric General Circulation Models},
journal={ Journal of Scientific Computing},
year={2001},
volume={16},
month={June}
}

@article{thomas03,
author={S. J. Thomas and J. M. Dennis and H. M. Tufo and P. F. Fischer},
title={A {S}chwarz Preconditioner for the Cubed-Sphere},
journal={ {SIAM} Journal of Scientific Computing},
year={2003},
volume={25},
number={2},
pages={442-453}
}


@phdthesis{toledo-thesis,
author = {Sivan A. Toledo},
title={Quantitative Performance Modeling of Scientific Computations and Creating Locality in Numerical Algorithms},
school={Massachusetts Institute of Technology},
year = {1995}
}

@article{toledo97,
author="S. Toledo",
title="Improving the memory-system performance of sparse-matrix vector multiplication",
journal="IBM Journal of Research Development",
year="1997",
volume="41",
number="6",
month="November",
pages="711-725"}

@inproceedings{tufo,
author="H. M. Tufo and P. F. Fischer",
title="Terascale Spectral Element Algorithms and Implementations",
booktitle="Proceedings of SC'99",
year="1999"}

@inproceedings{snavely03,
author={A. Snavely and X. Gao and C. Lee and L. Carrington and N. Wolter and J. Labarta and J. Gimenez and P. Jones},
title={Performance Modeling of {HPC} Applications},
booktitle={Parallel Computing (Par{C}o2003)},
year={2003}
}

@article{jones05, 
author={P. W. Jones and P. H. Worley and Y. Yoshida  and J. B. III White and J. Levesque},
title={Practical Performance Portability in the {P}arallel {O}cean {P}rogram ({POP})},
journal={Concurrency Comput. Prac. Exper},
volume={17},
issue={10},
pages={1317-1327},
year = {2005}
}

@article{kerbyson,
author = {D. J. Kerbyson and P. W. Jones},
title={A Performance Model of the Parallel Ocean Program},
journal={International Journal of High Performance Computing Applications},
volume={19},
number={3},
pages={261-276},
year={2005}
}



@Misc{uflmatrices,
  key = 	 {davis},
  author = 	 {T. Davis},
  title = 	 {University of {F}lorida Sparse Matrix Collection,\newline http://www.cise.ufl.edu/research/sparse/matrices},
  OPThowpublished = {NA Digest, vol. 92, no. 42, October 16, 1994, NA Digest, vol. 96, no. 28, July 23, 1996, and NA Digest, vol. 97, no. 23, June 7, 1997},
  OPTmonth = 	 {},
  year = 	 {2003},
  OPTnote = 	 {},
  OPTannote = 	 {}
}

@inproceedings{vuduc02,
author = "Richard Vuduc and James W. Demmel and Katherine A. Yelick and Shoaib Kamil and Rajesh Nishtala and Benjamin Lee",
title="Performance Optimizations and Bounds for Sparse Matrix-Vector Multiply",
booktitle="Proceedings of the IEEE/ACM SC2002 Conference",
year="2002"}

@article{williamson,
author={D. L. Williamson and J. B. Drake and J. J. Hack and R. Jakob and P. N. Swarztrauber},
title={A standard test set for numerical approximations to the shallow water equations in spherical geometry},
journal={J. Comp. Phys},
year = 1992,
volume = 102,
pages={211-224}
}

@inproceedings{wrf,
author = {J. Michalakes and S. Chen and J. Dudhia and L. Hart and J. Klemp and J. Middlecoff and W. Skamarock},
title={Development of a Next Generation Regional Weather Research and Forecast Model},
booktitle={Developments in Teracomputing: Proceedings of the Ninth ECMWF Workshop on the Use of High Performance Computing in Meteorology},
editor = "Walter Zwieflhofer and Norbert Kreitz",
publisher = "World Scientific",
year  = "2001",
pages={269-276}
}

@InProceedings{yeremin,
author="H. D. Simon and A. Yeremin",
title={A new approach to construction of efficient iterative schemes for massively parallel applications: variable block {CG} and {B}i{CG} methods and variable block {A}rnoldi procedure.},
booktitle={Parallel Processing for Scientific Computing},
year={1993},
pages = {57-60}
}


@inproceedings{rew90,
  author  = {R. Rew and G. Davis},
  title = {The {U}nidata net{CDF}: Software for Scientific Data Access},
  booktitle = {Sixth International Conference on Interactive
     Information and Processing Systems for Meteorology,
     Oceanography and Hydrology},
  location={Anaheim, CA},
  year = {1990}
}

@article{stocker2013ipcc,
  title={{IPCC}, 2013: Climate Change 2013: the physical science basis. Contribution of working group {I} to the fifth assessment report of the {Intergovernmental Panel on Climate Change}},
  author={Stocker, T.F. and Qin, D. and Plattner, G.K. and Tignor, M. and Allen, S.K. and Boschung, J. and Nauels, A. and Xia, Y. and Bex, B. and Midgley, B.M.},
  year={2013},
  publisher={Cambridge University Press}
}


@article{easterbrook2009,
author = {Steve M. Easterbrook and Timothy C. Johns},
title = {Engineering the Software for Understanding Climate Change},
journal ={Computing in Science and Engineering},
volume = {11},
number = {6},
issn = {0740-7475},
year = {2009},
pages = {65-74},
doi = {http://doi.ieeecomputersociety.org/10.1109/MCSE.2009.193},
publisher = {IEEE Computer Society}
}

@book{washington2005,
  title={An Introduction to Three-dimensional Climate Modeling},
  author={Washington, W.M. and Parkinson, C.L.},
  isbn={9781891389351},
  lccn={2005042009},
  year={2005},
  publisher={University Science Books}
}

@article {washington2009,
	author = {Washington, Warren M and Buja, Lawrence and Craig, Anthony},
	title = {The computational future for climate and Earth system models: on the path to petaflop and beyond},
	volume = {367},
	number = {1890},
	pages = {833--846},
	year = {2009},
	doi = {10.1098/rsta.2008.0219},
	publisher = {The Royal Society},
	journal = {Philosophical Transactions of the Royal Society of London A: Mathematical, Physical and Engineering Sciences}
}

@article{heavens2013,
author={Heavens, N.G. and  Ward, D.S. and Natalie, M.M.},
year = {2013},
title = {Studying and Projecting Climate Change with Earth System Models},
journal = {Nature Education Knowledge},
volume =  {4},
number = {5},
pages = {4}
}

@Article{easterbrook2011,
  author =       {S. M. Easterbrook and P. N. Edwards and V. Balaji and R. Budich},
  title =        {Guest Editors’ Introduction: Climate Change - Science and Software},
  journal =      {IEEE Software},
  volume =       {28},
  number =       {6},
  pages =        {32--35},
  year =         {2011}
}


@Article{pipitone2012,
AUTHOR = {J. Pipitone and S. Easterbrook},
TITLE = {Assessing climate model software quality: a defect density analysis of three models},
JOURNAL = {Geoscientific Model Development},
VOLUME = {5},
YEAR = {2012},
NUMBER = {4},
PAGES = {1009--1022},
DOI = {10.5194/gmd-5-1009-2012}
}

@article{cesm2013,
	Author = {J. Hurrell and M. Holland and P. Gent and S. Ghan and J. Kay and P. Kushner and J.-F. Lamarque and W. Large and D. Lawrence and K. Lindsay and W. Lipscomb and M. Long and N. Mahowald and D. Marsh and R. Neale and P. Rasch and S. Vavrus and M. Vertenstein and D. Bader and W. Collins and J. Hack and J. Kiehl and S. Marshall},
	Doi = {10.1175/BAMS-D-12-00121.1},
	Journal = {Bulletin of the American Meteorological Society},
	Pages = {1339--1360},
	Publisher = {American Meteorological Society},
	Title = {{The Community Earth System Model:} A Framework for Collaborative Research},
	Volume = {94},
	Year = {2013}
}



@article{zeebe2011,
	Author = {Zeebe, Richard E. },
	Journal = {Nature Geoscience},
	Number = {7},
	Pages = {416--417},
	Title = {Where are you heading Earth?},
	Volume = {4},
	Year = {2011}
}

@Misc{cmip5,
  key = 	 {CMIP5}, 
  title =  {Coupled Model Comparison Project Phase 5},
  url  = {http://cmip-pcmdi.llnl.gov/cmip5/},
  year = {2013},
  note = "{[Last accessed 1-June-2016]}"
}

@Misc{ipcc-web,
  key = 	 {IPCC},
  title =  {Intergovernmental Panel on Climate Change},
  url = {http://www.ipcc.ch/organization/organization.shtml},
  year={2016},
    note = "{[Last accessed 1-June-2016]}"
}
@Article{kay2015,
  author = 	 {J.E. Kay and C. Deser and A. Phillips and A. Mai and C. Hannay and G. Strand and J. Arblaster and S. Bates and G. Danabasoglu and J. Edwards and M. Holland and P. Kushner and J.-F. Lamarque and D. Lawrence and K. Lindsay and A. Middleton and E. Munoz and R. Neale and K. Oleson and L. Polvani and M. Vertenstein},
  title = 	 {The {Community Earth System Model (CESM)} Large Ensemble Project: A Community Resource for Studying Climate Change in the Presence of Internal Climate Variability},
  journal = 	 {Bulletin of the American Meteorological Society},
  volume= {96},
  issue = {8},
  year = 	 {2015}
}


@article {small2014,
author = {Small, R. Justin and Bacmeister, Julio and Bailey, David and Baker, Allison and Bishop, Stuart and Bryan, Frank and Caron, Julie and Dennis, John and Gent, Peter and Hsu, Hsiao-ming and Jochum, Markus and Lawrence, David and Muñoz, Ernesto and diNezio, Pedro and Scheitlin, Tim and Tomas, Robert and Tribbia, Joseph and Tseng, Yu-heng and Vertenstein, Mariana},
title = {A new synoptic scale resolving global climate simulation using the {Community Earth System Model}},
journal = {Journal of Advances in Modeling Earth Systems},
volume = {6},
number = {4},
issn = {1942-2466},
url = {http://dx.doi.org/10.1002/2014MS000363},
doi = {10.1002/2014MS000363},
pages = {1065--1094},
year = {2014}
}

@InProceedings{paul2015,
  author = 	 {K. Paul and S. Mickelson and H. Xu and J. M. Dennis and D. Brown},
  title = 	 {Light-weight Parallel {Python} Tools for Earth System Modeling Workflows},
  booktitle = {IEEE International Conference on Big Data},
  year = 	 2015,
  pages={1985-1994},
  month = 	 {October}
  }


